@article{Muronga:2004sf,
      author         = "Muronga, Azwinndini and Rischke, Dirk H.",
      title          = "{Evolution of hot, dissipative quark matter in
                        relativistic nuclear collisions}",
      year           = "2004",
      eprint         = "nucl-th/0407114",
      archivePrefix  = "arXiv",
      primaryClass   = "nucl-th",
      SLACcitation   = "%%CITATION = NUCL-TH/0407114;%%"
}

@article{Chaudhuri:2006jd,
      author         = "Chaudhuri, A. K.",
      title          = "{Dissipative hydrodynamics in 2+1 dimension}",
      journal        = "Phys. Rev.",
      volume         = "C74",
      year           = "2006",
      pages          = "044904",
      doi            = "10.1103/PhysRevC.74.044904",
      eprint         = "nucl-th/0604014",
      archivePrefix  = "arXiv",
      primaryClass   = "nucl-th",
      SLACcitation   = "%%CITATION = NUCL-TH/0604014;%%"
}

@article{Romatschke:2007mq,
      author         = "Romatschke, Paul and Romatschke, Ulrike",
      title          = "{Viscosity Information from Relativistic Nuclear
                        Collisions: How Perfect is the Fluid Observed at RHIC?}",
      journal        = "Phys. Rev. Lett.",
      volume         = "99",
      year           = "2007",
      pages          = "172301",
      doi            = "10.1103/PhysRevLett.99.172301",
      eprint         = "0706.1522",
      archivePrefix  = "arXiv",
      primaryClass   = "nucl-th",
      reportNumber   = "INT-PUB-07-14",
      SLACcitation   = "%%CITATION = ARXIV:0706.1522;%%"
}


@article{Song:2007ux,
      author         = "Song, Huichao and Heinz, Ulrich W.",
      title          = "{Causal viscous hydrodynamics in 2+1 dimensions for
                        relativistic heavy-ion collisions}",
      journal        = "Phys. Rev.",
      volume         = "C77",
      year           = "2008",
      pages          = "064901",
      doi            = "10.1103/PhysRevC.77.064901",
      eprint         = "0712.3715",
      archivePrefix  = "arXiv",
      primaryClass   = "nucl-th",
      reportNumber   = "CERN-PH-TH-2007-269",
      SLACcitation   = "%%CITATION = ARXIV:0712.3715;%%"
}

@article{Dusling:2007gi,
      author         = "Dusling, K. and Teaney, D.",
      title          = "{Simulating elliptic flow with viscous hydrodynamics}",
      journal        = "Phys. Rev.",
      volume         = "C77",
      year           = "2008",
      pages          = "034905",
      doi            = "10.1103/PhysRevC.77.034905",
      eprint         = "0710.5932",
      archivePrefix  = "arXiv",
      primaryClass   = "nucl-th",
      SLACcitation   = "%%CITATION = ARXIV:0710.5932;%%"
}

@article{Luzum:2008cw,
      author         = "Luzum, Matthew and Romatschke, Paul",
      title          = "{Conformal Relativistic Viscous Hydrodynamics:
                        Applications to RHIC results at s(NN)**(1/2) = 200-GeV}",
      journal        = "Phys. Rev.",
      volume         = "C78",
      year           = "2008",
      pages          = "034915",
      doi            = "10.1103/PhysRevC.78.034915, 10.1103/PhysRevC.79.039903",
      note           = "[Erratum: Phys. Rev.C79,039903(2009)]",
      eprint         = "0804.4015",
      archivePrefix  = "arXiv",
      primaryClass   = "nucl-th",
      reportNumber   = "INT-08-07, NT-UW-08-10",
      SLACcitation   = "%%CITATION = ARXIV:0804.4015;%%"
}

@article{Alver:2008zza,
      author         = "Alver, B. and others",
      title          = "{Importance of correlations and fluctuations on the
                        initial source eccentricity in high-energy nucleus-nucleus
                        collisions}",
      journal        = "Phys. Rev.",
      volume         = "C77",
      year           = "2008",
      pages          = "014906",
      doi            = "10.1103/PhysRevC.77.014906",
      eprint         = "0711.3724",
      archivePrefix  = "arXiv",
      primaryClass   = "nucl-ex",
      SLACcitation   = "%%CITATION = ARXIV:0711.3724;%%"
}

@article{Alver:2010gr,
      author         = "Alver, B. and Roland, G.",
      title          = "{Collision geometry fluctuations and triangular flow in
                        heavy-ion collisions}",
      journal        = "Phys. Rev.",
      volume         = "C81",
      year           = "2010",
      pages          = "054905",
      doi            = "10.1103/PhysRevC.82.039903, 10.1103/PhysRevC.81.054905",
      note           = "[Erratum: Phys. Rev.C82,039903(2010)]",
      eprint         = "1003.0194",
      archivePrefix  = "arXiv",
      primaryClass   = "nucl-th",
      SLACcitation   = "%%CITATION = ARXIV:1003.0194;%%"
}

@article{Bazavov:2014pvz,
      author         = "Bazavov, A. and others",
      title          = "{Equation of state in ( 2+1 )-flavor QCD}",
      collaboration  = "HotQCD",
      journal        = "Phys. Rev.",
      volume         = "D90",
      year           = "2014",
      number         = "9",
      pages          = "094503",
      doi            = "10.1103/PhysRevD.90.094503",
      eprint         = "1407.6387",
      archivePrefix  = "arXiv",
      primaryClass   = "hep-lat",
      reportNumber   = "BNL-105928-2014-JA",
      SLACcitation   = "%%CITATION = ARXIV:1407.6387;%%"
}

@article{Borsanyi:2013bia,
      author         = "Borsanyi, Szabocls and Fodor, Zoltan and Hoelbling,
                        Christian and Katz, Sandor D. and Krieg, Stefan and Szabo,
                        Kalman K.",
      title          = "{Full result for the QCD equation of state with 2+1
                        flavors}",
      journal        = "Phys. Lett.",
      volume         = "B730",
      year           = "2014",
      pages          = "99-104",
      doi            = "10.1016/j.physletb.2014.01.007",
      eprint         = "1309.5258",
      archivePrefix  = "arXiv",
      primaryClass   = "hep-lat",
      SLACcitation   = "%%CITATION = ARXIV:1309.5258;%%"
}

@article{Bazavov:2009zn,
      author         = "Bazavov, A. and others",
      title          = "{Equation of state and QCD transition at finite
                        temperature}",
      journal        = "Phys. Rev.",
      volume         = "D80",
      year           = "2009",
      pages          = "014504",
      doi            = "10.1103/PhysRevD.80.014504",
      eprint         = "0903.4379",
      archivePrefix  = "arXiv",
      primaryClass   = "hep-lat",
      reportNumber   = "CU-TP-1189",
      SLACcitation   = "%%CITATION = ARXIV:0903.4379;%%"
}

@article{Kovtun:2004de,
      author         = "Kovtun, P. and Son, Dan T. and Starinets, Andrei O.",
      title          = "{Viscosity in strongly interacting quantum field theories
                        from black hole physics}",
      journal        = "Phys. Rev. Lett.",
      volume         = "94",
      year           = "2005",
      pages          = "111601",
      doi            = "10.1103/PhysRevLett.94.111601",
      eprint         = "hep-th/0405231",
      archivePrefix  = "arXiv",
      primaryClass   = "hep-th",
      reportNumber   = "INT-PUB-04-09, UW-PT-04-04",
      SLACcitation   = "%%CITATION = HEP-TH/0405231;%%"
}

@article{Policastro:2001yc,
      author         = "Policastro, G. and Son, Dan T. and Starinets, Andrei O.",
      title          = "{The Shear viscosity of strongly coupled N=4
                        supersymmetric Yang-Mills plasma}",
      journal        = "Phys. Rev. Lett.",
      volume         = "87",
      year           = "2001",
      pages          = "081601",
      doi            = "10.1103/PhysRevLett.87.081601",
      eprint         = "hep-th/0104066",
      archivePrefix  = "arXiv",
      primaryClass   = "hep-th",
      reportNumber   = "NYU-TH-01-04-02, SNS-PH-01-05",
      SLACcitation   = "%%CITATION = HEP-TH/0104066;%%"
}

@article{Song:2010mg,
      author         = "Song, Huichao and Bass, Steffen A. and Heinz, Ulrich and
                        Hirano, Tetsufumi and Shen, Chun",
      title          = "{200 A GeV Au+Au collisions serve a nearly perfect
                        quark-gluon liquid}",
      journal        = "Phys. Rev. Lett.",
      volume         = "106",
      year           = "2011",
      pages          = "192301",
      doi            = "10.1103/PhysRevLett.106.192301,
                        10.1103/PhysRevLett.109.139904",
      note           = "[Erratum: Phys. Rev. Lett.109,139904(2012)]",
      eprint         = "1011.2783",
      archivePrefix  = "arXiv",
      primaryClass   = "nucl-th",
      SLACcitation   = "%%CITATION = ARXIV:1011.2783;%%"
}

@article{Schenke:2012wb,
      author         = "Schenke, Bjoern and Tribedy, Prithwish and Venugopalan,
                        Raju",
      title          = "{Fluctuating Glasma initial conditions and flow in heavy
                        ion collisions}",
      journal        = "Phys. Rev. Lett.",
      volume         = "108",
      year           = "2012",
      pages          = "252301",
      doi            = "10.1103/PhysRevLett.108.252301",
      eprint         = "1202.6646",
      archivePrefix  = "arXiv",
      primaryClass   = "nucl-th",
      SLACcitation   = "%%CITATION = ARXIV:1202.6646;%%"
}

@article{Niemi:2015qia,
      author         = "Niemi, H. and Eskola, K. J. and Paatelainen, R.",
      title          = "{Event-by-event fluctuations in a perturbative QCD +
                        saturation + hydrodynamics model: Determining QCD matter
                        shear viscosity in ultrarelativistic heavy-ion
                        collisions}",
      journal        = "Phys. Rev.",
      volume         = "C93",
      year           = "2016",
      number         = "2",
      pages          = "024907",
      doi            = "10.1103/PhysRevC.93.024907",
      eprint         = "1505.02677",
      archivePrefix  = "arXiv",
      primaryClass   = "hep-ph",
      SLACcitation   = "%%CITATION = ARXIV:1505.02677;%%"
}

@article{Novak:2013bqa,
      author         = "Novak, John and Novak, Kevin and Pratt, Scott and
                        Vredevoogd, Joshua and Coleman-Smith, Chris and Wolpert,
                        Robert",
      title          = "{Determining Fundamental Properties of Matter Created in
                        Ultrarelativistic Heavy-Ion Collisions}",
      journal        = "Phys. Rev.",
      volume         = "C89",
      year           = "2014",
      number         = "3",
      pages          = "034917",
      doi            = "10.1103/PhysRevC.89.034917",
      eprint         = "1303.5769",
      archivePrefix  = "arXiv",
      primaryClass   = "nucl-th",
      SLACcitation   = "%%CITATION = ARXIV:1303.5769;%%"
}

@article{Bernhard:2015hxa,
      author         = "Bernhard, Jonah E. and Marcy, Peter W. and Coleman-Smith,
                        Christopher E. and Huzurbazar, Snehalata and Wolpert,
                        Robert L. and Bass, Steffen A.",
      title          = "{Quantifying properties of hot and dense QCD matter
                        through systematic model-to-data comparison}",
      journal        = "Phys. Rev.",
      volume         = "C91",
      year           = "2015",
      number         = "5",
      pages          = "054910",
      doi            = "10.1103/PhysRevC.91.054910",
      eprint         = "1502.00339",
      archivePrefix  = "arXiv",
      primaryClass   = "nucl-th",
      SLACcitation   = "%%CITATION = ARXIV:1502.00339;%%"
}

@article{Pratt:2015zsa,
      author         = "Pratt, Scott and Sangaline, Evan and Sorensen, Paul and
                        Wang, Hui",
      title          = "{Constraining the Eq. of State of Super-Hadronic Matter
                        from Heavy-Ion Collisions}",
      journal        = "Phys. Rev. Lett.",
      volume         = "114",
      year           = "2015",
      pages          = "202301",
      doi            = "10.1103/PhysRevLett.114.202301",
      eprint         = "1501.04042",
      archivePrefix  = "arXiv",
      primaryClass   = "nucl-th",
      SLACcitation   = "%%CITATION = ARXIV:1501.04042;%%"
}

@article{Sangaline:2015isa,
      author         = "Sangaline, Evan and Pratt, Scott",
      title          = "{Toward a deeper understanding of how experiments
                        constrain the underlying physics of heavy-ion collisions}",
      journal        = "Phys. Rev.",
      volume         = "C93",
      year           = "2016",
      number         = "2",
      pages          = "024908",
      doi            = "10.1103/PhysRevC.93.024908",
      eprint         = "1508.07017",
      archivePrefix  = "arXiv",
      primaryClass   = "nucl-th",
      SLACcitation   = "%%CITATION = ARXIV:1508.07017;%%"
}

@article{OHagan:2006ba,
      author         = "O’Hagan, Anthony",
      title          = "{Bayesian analysis of computer code outputs: a tutorial}",
      journal        = "Rel.Engin.Sys.Safety",
      volume         = "91",
      number         = "10–11",
      pages          = "1290-1300",
      year           = "2006",
      doi            = "10.1016/j.ress.2005.11.025",
}

@article{Higdon:2008cmc,
      author         = "Higdon, Dave and Gattiker, James and Williams, Brian
                        and Rightley, Maria",
      title          = "{Computer model calibration using high-dimensional output}",
      journal        = "J.Amer.Stat.Assoc.",
      volume         = "103",
      number         = "482",
      year           = "2008",
      pages          = "570",
      doi            = "10.1198/016214507000000888",
}

@article{Higdon:2014tva,
      author         = "Higdon, Dave and McDonnell, Jordan D. and Schunck,
                        Nicolas and Sarich, Jason and Wild, Stefan M",
      title          = "{A Bayesian Approach for Parameter Estimation and
                        Prediction using a Computationally Intensive Model}",
      journal        = "J.Phys.",
      number         = "3",
      volume         = "G42",
      pages          = "034009",
      doi            = "10.1088/0954-3899/42/3/034009",
      year           = "2015",
      eprint         = "1407.3017",
      archivePrefix  = "arXiv",
      primaryClass   = "physics.data-an",
      SLACcitation   = "%%CITATION = ARXIV:1407.3017;%%",
}

@article{Moreland:2014oya,
      author         = "Moreland, J. Scott and Bernhard, Jonah E. and Bass,
                        Steffen A.",
      title          = "{Alternative ansatz to wounded nucleon and binary
                        collision scaling in high-energy nuclear collisions}",
      journal        = "Phys. Rev.",
      volume         = "C92",
      year           = "2015",
      number         = "1",
      pages          = "011901",
      doi            = "10.1103/PhysRevC.92.011901",
      eprint         = "1412.4708",
      archivePrefix  = "arXiv",
      primaryClass   = "nucl-th",
      SLACcitation   = "%%CITATION = ARXIV:1412.4708;%%"
}
